<record><leader>00000cas a22000007a 4500</leader><controlfield tag="001">11394898</controlfield><controlfield tag="008">841116c18719999ksuwr ne      0    0eng d</controlfield><datafield ind1=" " ind2=" " tag="010"><subfield code="a">sn 84027665 </subfield></datafield><datafield ind1=" " ind2=" " tag="040"><subfield code="a">NPU</subfield><subfield code="b">eng</subfield><subfield code="c">NPU</subfield><subfield code="d">NPT</subfield><subfield code="d">OCLCQ</subfield></datafield><datafield ind1=" " ind2=" " tag="042"><subfield code="a">msc</subfield></datafield><datafield ind1="0" ind2="4" tag="245"><subfield code="a">The Miami republican.</subfield></datafield><datafield ind1=" " ind2=" " tag="260"><subfield code="a">Paola, Kan. :</subfield><subfield code="b">Bas. M. Simpson</subfield></datafield><datafield ind1=" " ind2=" " tag="300"><subfield code="a">v. :</subfield><subfield code="b">ill. ;</subfield><subfield code="c">55-62 cm.</subfield></datafield><datafield ind1=" " ind2=" " tag="310"><subfield code="a">Weekly</subfield></datafield><datafield ind1="1" ind2=" " tag="362"><subfield code="a">Began in 1871.</subfield><subfield code="z">Cf. NIM, 1948-1972.</subfield></datafield><datafield ind1=" " ind2=" " tag="500"><subfield code="a">Publisher varies.</subfield></datafield><datafield ind1=" " ind2=" " tag="500"><subfield code="a">Published every Saturday.</subfield></datafield><datafield ind1=" " ind2=" " tag="525"><subfield code="a">Supplements included.</subfield></datafield><datafield ind1=" " ind2=" " tag="588"><subfield code="a">Description based on: Vol. 6, no. 2 (Sept. 2, 1871).</subfield></datafield><datafield ind1=" " ind2=" " tag="752"><subfield code="a">United States</subfield><subfield code="b">Kansas</subfield><subfield code="c">Miami</subfield><subfield code="d">Paola.</subfield></datafield><datafield ind1="0" ind2="0" tag="780"><subfield code="t">Miami County republican</subfield><subfield code="w">(DLC)sn 85030324</subfield></datafield><datafield ind1="0" ind2="5" tag="780"><subfield code="t">Republican citizen (Paola, Kan.)</subfield><subfield code="g">July 30, 1880</subfield><subfield code="w">(DLC)sn 85030327</subfield></datafield></record>